%% Here your add your references

%% Online resources
@misc{xclip,
    title = {{xclip: Command line interface to the X11 clipboard}},
    author = {{astrand \& Contributors}},
    note = {[Online]. Available: \url{https://github.com/astrand/xclip}. Accessed 10 Jun. 2025}
}

@misc{ncursesw,
    title = {{ncurses}},
    author = {{Thomas E. Dickey}},
    note = {[Online]. Available: \url{https://invisible-island.net/ncurses/}. Accessed 10 Jun. 2025}
}

@misc{demo,
    title = {{Demo of Text Editor Project}},
    author = {{Jorn Riedel}},
    note = {[Online]. Available: \url{https://drive.google.com/file/d/1obnfqQgP9Gp3SvdBcAY_Rjes19-MmlR8/view?usp=drive_link}. Accessed 10 Jun. 2025}
}

@misc{GithubRepo,
    title = {{GithUb repository of the project}},
    author = {{Heinrich Ahrend,Yorik Metzger, Jorn Riedel, Shura V. Ruben}},
    note = {[Online]. Available: \url{https://github.com/sruben1/Text-Terminal}. Accessed 10 Jun. 2025}
}



%% Article

@article{crowley1998data,
  title={Data structures for text sequences},
  author={Charles Crowley},
  journal={Computer Science Department, University of New Mexico},
  pages={1--29},
  year={1998}
}

%% Article in proceedings